@book{nazarenko2011wave,
  title={Wave turbulence},
  author={Nazarenko, Sergey},
  volume={825},
  year={2011},
  publisher={Springer Science \& Business Media}
}

@article{germain2020optimal,
  title={Optimal local well-posedness theory for the kinetic wave equation},
  author={Germain, Pierre and Ionescu, Alexandru D and Tran, Minh-Binh},
  journal={Journal of Functional Analysis},
  volume={279},
  number={4},
  pages={108570},
  year={2020},
  publisher={Elsevier}
}

@article{lukkarinen2011weakly,
  title={Weakly nonlinear {S}chr{\"o}dinger equation with random initial data},
  author={Lukkarinen, Jani and Spohn, Herbert},
  journal={Inventiones mathematicae},
  volume={183},
  number={1},
  pages={79--188},
  year={2011},
  publisher={Springer}
}

@article{buckmaster2021onset,
  title={Onset of the wave turbulence description of the longtime behavior of the nonlinear {S}chr{\"o}dinger equation},
  author={Buckmaster, Tristan and Germain, Pierre and Hani, Zaher and Shatah, Jalal},
  journal={Inventiones mathematicae},
  volume={225},
  number={3},
  pages={787--855},
  year={2021},
  publisher={Springer}
}

@inproceedings{deng2021derivation,
  title={On the derivation of the wave kinetic equation for {NLS}},
  author={Deng, Yu and Hani, Zaher},
  booktitle={Forum of Mathematics, Pi},
  volume={9},
  year={2021},
  organization={Cambridge University Press}
}

@article{collot2019derivation,
  title={On the derivation of the homogeneous kinetic wave equation},
  author={Collot, Charles and Germain, Pierre},
  journal={arXiv preprint arXiv:1912.10368},
  year={2019}
}

@article{collot2020derivation,
  title={Derivation of the homogeneous kinetic wave equation: longer time scales},
  author={Collot, Charles and Germain, Pierre},
  journal={arXiv preprint arXiv:2007.03508},
  year={2020}
}

@article{deng2021full,
  title={Full derivation of the wave kinetic equation},
  author={Deng, Yu and Hani, Zaher},
  journal={arXiv preprint arXiv:2104.11204},
  year={2021}
}

@article{staffilani2021wave,
  title={On the wave turbulence theory for stochastic and random multidimensional {KdV} type equations},
  author={Staffilani, Gigliola and Tran, Minh-Binh},
  journal={arXiv preprint arXiv:2106.09819},
  year={2021}
}

@article{ampatzoglou2021derivation,
  title={Derivation of the kinetic wave equation for quadratic dispersive problems in the inhomogeneous setting},
  author={Ampatzoglou, Ioakeim and Collot, Charles and Germain, Pierre},
  journal={arXiv preprint arXiv:2107.11819},
  year={2021}
}

@article{deng2021propagation,
  title={Propagation of chaos and the higher order statistics in the wave kinetic theory},
  author={Deng, Yu and Hani, Zaher},
  journal={arXiv preprint arXiv:2110.04565},
  year={2021}
}

@article{ma2022almost,
  title={Almost sharp wave kinetic theory of multidimensional {K}d{V} type equations with $ d\ge 3$},
  author={Ma, Xiao},
  journal={arXiv preprint arXiv:2204.06148},
  year={2022}
}

@article{jin2021cancellations,
  title={Cancellations of Resonances and Long Time Dynamics of Cubic {S}chr{\"o}dinger Equation on $\mathbb{T}$},
  author={Jin, Kexin and Ma, Xiao},
  journal={Communications in Mathematical Physics},
  volume={381},
  number={3},
  pages={1309--1368},
  year={2021},
  publisher={Springer}
}

@article{jinma,
  title={Almost sharp wave kinetic theory of the 3{D} rotating {N}avier-{S}tokes equation},
  author={Jin, Kexin and Ma, Xiao},
  journal={in preparation}
}

@book{zakharov2012kolmogorov,
  title={Kolmogorov spectra of turbulence {I}: {W}ave turbulence},
  author={Zakharov, Vladimir E and L'vov, Victor S and Falkovich, Gregory},
  year={2012},
  publisher={Springer Science \& Business Media}
}

@article{newell2011wave,
  title={Wave turbulence},
  author={Newell, Alan C and Rumpf, Benno},
  journal={Annual review of fluid mechanics},
  volume={43},
  pages={59--78},
  year={2011},
  publisher={Annual Reviews}
}

@article{soffer2018dynamics,
  title={On the dynamics of finite temperature trapped Bose gases},
  author={Soffer, Avy and Tran, Minh-Binh},
  journal={Advances in Mathematics},
  volume={325},
  pages={533--607},
  year={2018},
  publisher={Elsevier}
}

@article{soffer2020energy,
  title={On the energy cascade of 3-wave kinetic equations: beyond kolmogorov--zakharov solutions},
  author={Soffer, Avy and Tran, Minh-Binh},
  journal={Communications in Mathematical Physics},
  volume={376},
  number={3},
  pages={2229--2276},
  year={2020},
  publisher={Springer}
}

@article{gamba2020wave,
  title={On the wave turbulence theory for stratified flows in the ocean},
  author={Gamba, Irene M and Smith, Leslie M and Tran, Minh-Binh},
  journal={Mathematical Models and Methods in Applied Sciences},
  volume={30},
  number={01},
  pages={105--137},
  year={2020},
  publisher={World Scientific}
}

@article{deng2022rigorous,
  title={Rigorous justification of the wave kinetic theory},
  author={Deng, Yu and Hani, Zaher},
  journal={arXiv preprint arXiv:2207.08358},
  year={2022}
}

@article{deng2023derivation,
  title={Derivation of the wave kinetic equation: full range of scaling laws},
  author={Deng, Yu and Hani, Zaher},
  journal={arXiv preprint arXiv:2301.07063},
  year={2023}
}